@Manual{Registrar,
  title = {Williams College Catalog Archive},
  organization = {Williams College},
  address = {Williamstown, MA, USA},
  year = {2016},
  url = {http://web.williams.edu/admin/registrar/catalog/archive.html},
}

@Manual{genderpkg,
    title = {gender: Predict Gender from Names Using Historical Data},
    author = {Lincoln Mullen},
    year = {2015},
    note = {R package version 0.5.1},
    url = {https://github.com/ropensci/gender},
  }
